% This file was created with JabRef 2.4.1.
% Encoding: Cp1252

@INPROCEEDINGS{Mount1993,
  author = {Sunil Arya and David M. Mount},
  title = {Approximate Nearest Neighbor Queries in Fixed Dimensions},
  booktitle = {Proc. 4th Ann. ACM-SIAM Symposium on Discrete Algorithms (SODA)},
  year = {1993},
  pages = {271-280},
  owner = {bagon},
  timestamp = {2009.02.04}
}

@ELECTRONIC{Bagon2009,
  author = {Shai Bagon},
  month = {February},
  year = {2009},
  title = {Matlab class for ANN},
  url = {http://www.wisdom.weizmann.ac.il/~bagon/matlab.html},
  owner = {bagon},
  timestamp = {2009.02.04}
}

@ELECTRONIC{Mount2006,
  author = {David M. Mount and Sunil Arya},
  month = {August},
  year = {2006},
  title = {ANN: A Library for Approximate Nearest Neighbor Searching},
  note = {version 1.1.1},
  url = {http://www.cs.umd.edu/~mount/ANN/},
  owner = {bagon},
  timestamp = {2009.02.04}
}

@comment{jabref-meta: selector_publisher:}

@comment{jabref-meta: selector_author:}

@comment{jabref-meta: selector_journal:}

@comment{jabref-meta: selector_keywords:}

